2940 5140
345 575 383 634 et
406 550 620 634 Academia
646 549 840 628 amorem
864 554 1029 654 linguae
1054 560 1229 650 Graecae
1258 581 1355 631 eam·

345 703 424 776 quo
447 679 535 751 eius
559 667 1199 776 cognitionemacquisiverunt,
1227 691 1357 750 utan-
1443 770 1445 785 1

226 797 228 802 ’
265 793 278 810 ’
342 798 481 928 tiquos
511 795 730 894 scriptores
766 787 964 902 legentes
987 793 1126 868 nolint
1155 793 1222 867 vel
1251 813 1357 895 prae·

220 1003 224 1012 ¹
343 910 466 990 stanti
488 913 701 999 versione,
731 907 862 1008 qualis
887 933 926 983 v,
957 935 989 1002 c.
1017 926 1078 986 est
1099 913 1277 987 Iacobsii
1298 912 1359 986 vel

341 1033 429 1110 Alb.
455 1029 656 1108 Gerhardi
677 1027 867 1118 Beckeri,
897 1029 1171 1124 acquiescere,
1199 1029 1273 1132 sed
1294 1053 1357 1106 eos
1435 1067 1438 1082 ·

341 1137 387 1230 in
408 1151 575 1251 lingua,
600 1171 681 1247 qua
708 1147 792 1247 ipsi
820 1145 1097 1248 scripserunt,
1125 1148 1240 1254 horis
1266 1149 1359 1225 rela-

255 1317 261 1328 ι
341 1267 477 1347 xando
509 1267 677 1367 corpori
710 1263 922 1356 destinatis
962 1277 1154 1340 tractare:
1208 1270 1358 1366 quiea,
1406 1353 1411 1372 Ι

342 1387 493 1487 quibus
521 1408 627 1485 opus
655 1382 708 1456 sit
741 1382 796 1477 ad
822 1382 1153 1488 intelligendas
1138 1407 1204 1458 res
1237 1401 1277 1461 et
1299 1405 1362 1461 su·

341 1505 541 1644 perandas
564 1500 847 1604 grammaticas
868 1497 1139 1614 difficultates,
1164 1521 1364 1602 quaerunt
1420 1516 1422 1526 ’

242 1691 243 1698 ι
324 1651 387 1710 ,ιιι
404 1620 745 1700 annotat1on1bus
763 1632 815 1711 et,
843 1643 977 1723 spero,
1001 1619 1231 1698 in’venient.
1283 1627 1363 1698 Im-

340 1745 487 1847 primis
529 1741 654 1816 etiam
670 1738 972 1821 adolescentes
1010 1740 1189 1843 cogitavi
1228 1741 1362 1816 cuius-

343 1885 507 1960 cunque
527 1857 688 1944 ordinis
714 1872 754 1932 et
775 1857 873 1948 loci,
899 1859 973 1956 qui
995 1876 1043 1934 ut
1064 1883 1182 1936 suam
1199 1855 1360 1962 linguae

312 1979 519 2058 Graecae
565 1978 905 2076 antiquitatisque
952 1965 1244 2080 ¹cognitionem
1291 2003 1363 2084 per

344 2115 527 2178 oratores
560 2097 698 2172 colant
729 2110 771 2170 et
807 2096 1013 2186 excolant,
1059 2100 1117 2194 in,
1145 2125 1293 2178 eorum
1314 2123 1390 2175 se,

341 2220 564 2295 lectionem
610 2213 825 2290 introduci
873 2217 1043 2330 cupiant
1085 2218 1362 2319 subsidiaque,
1457 2217 1458 2244 l

343 2339 495 2452 quibus
521 2317 739 2424 inventur,
773 2349 935 2435 praeter
956 2335 1120 2413 lexicon
1142 2339 1363 2438 requirant,

342 2471 462 2557 atque
509 2455 633 2530 etiam
668 2453 730 2562 qd
762 2453 891 2530 libros
937 2479 981 2530 se
1019 2457 1151 2532 velint
1191 2470 1365 2534 attentos

341 2573 481 2664 reddi,
536 2574 686 2673 quibus
719 2571 915 2649 subtilior
946 2570 1114 2677 linguae
1142 2575 1371 2674 rerumque'
1458 2579 1459 2602 ¹

166 2677 168 2686 ¹
255 2685 264 2700 “
342 2685 527 2798 cognitio
558 2679 705 2793 parari'
725 2693 869 2794 possit.
937 2697 1223 2793 Utrorumque
1258 2693 1367 2770 desi·
1458 2751 1459 2784 ι

259 2833 264 2842 ’
343 2814 468 2890 deriis
496 2809 726 2892 satisfacere
760 2811 916 2888 studui.
969 2817 1133 2888 Horum
1158 2815 1368 2916 imprimis

341 2935 387 3008 in
419 2916 729 3030 usum'primas
746 2927 862 3004 'dedi
892 2951 958 3004 eas
982 2931 1210 3022 orationes,
1265 2957 1369 3032 quas

341 3048 644 3128 Demosthenes
691 3046 865 3143 vixdum
908 3037 1133 3150 pueritiam
1178 3075 1368 3153 egressus

341 3162 552 3244 habebat
539 3193 585 3242 111
609 3192 653 3242 re
678 3167 864 3266 tutelari,
919 3191 1040 3244 causa
1061 3171 1240 3271 privata,
1284 3195 1370 3305 qua

277 3291 280 3300 ’
312 3329 316 3378 ;
341 3273 530 3364 tutorum
552 3277 770 3390 perfidiam
793 3287 859 3363 ita¹
873 3303 1113 3390 persecutus
1136 3305 1209 3379 est,
1234 3304 1302 3365 ut
1298 3315 1372 3366 re-

342 3397 600 3512 'stituendum
632 3421 738 3480 esset
774 3394 889 3506 quod
915 3407 1014 3484 dolo
1047 3421 1086 3482 et
1116 3395 1275 3485 fraude
1286 3436 1373 3512 pu-

264 3541 266 3550 ‘
341 3501 445 3630 piilo
472 3527 727 3627 eripuerant.
756 3525 944 3625 quibus
931 3553 978 3602 ιιι
1002 3527 1261 3604 orationibus
1283 3526 1374 3604 viri

284 3679 286 3686 ·
338 3646 547 3747 vigorem,
604 3643 678 3741 qui
720 3645 775 3719 sit
814 3645 861 3720 in
895 3647 984 3720 aliis
1020 3647 1168 3743 similis
1203 3649 1373 3748 generis

271 3791 277 3800 ·
338 3775 483 3868 postea
499 3761 665 3852 habitis,
688 3763 842 3864 spirare
860 3753 1028 3840 monuit
1040 3765 1378 3867 intelligentissi-

338 3876 435 3957 mus
465 3880 673 3958 Reisltius.
734 3885 1019 3982 Utrorumque
1064 3898 1203 3968 autem
1244 3909 1377 3959 causa

248 4012 254 4028 ‘
339 4001 563 4104 praecipua
596 4025 694 4077 cura
729 4016 814 4077 erat
849 4005 1089 4080 orationum
1121 4006 1168 4078 in
1194 4004 1377 4079 ecclesia

148 4133 151 4140 ’
227 4131 245 4168 ³⁴
341 4117 596 4196 habitarum:
624 4145 801 4220 quarum
825 4145 1042 4226 exgenere
1066 4123 1148 4199 hoc
1163 4122 1379 4198 volumen

344 4238 529 4316 continet
550 4263 637 4329 eas,
667 4263 777 4340 quoe
799 4265 888 4321 uno
911 4242 1087 4320 nomine
1105 4240 1379 4344 Philippi-
