2940 5140
1080 457 1136 502 llll
1155 447 1159 457 ”

71 615 79 634 ·
114 631 147 642 -
166 601 271 660 arsita
286 597 371 669 prima
385 606 412 650 et
430 595 592 667 insecenda
612 601 707 663 sponte
724 593 778 647 hcc
798 593 898 650 sciebat
915 613 1054 668 apparere,
1069 619 1135 680 pum

24 747 30 764 ι
116 696 145 748 iu
156 693 331 746 tertiamiuus
352 685 512 760 apparebas,
531 699 560 762 ut
578 689 646 740 adeo
661 705 772 757 presens
787 689 1046 762 inutilitertadderet
1064 695 1134 752 illud

116 782 262 858 πρεσβείαν
285 783 316 842 δὲ
339 781 472 852 πέμπειν,
497 775 559 850 ἥτις
583 773 662 835 ταῦτ’
687 776 743 851 ἐρεῖ
762 780 810 837 nal
832 783 968 854 cupiscas
983 789 1042 850 τοῖς
1059 786 1133 859 πρά-

113 883 231 948 ruitum
250 909 283 920 -
302 881 386 932 immo
404 877 433 932 in
449 878 529 928 tertia
545 875 617 928 haud
632 874 666 926 ab
692 892 721 928 re
740 885 796 927 erat
813 893 845 928 ee
862 879 1017 950 admonitio.
1036 883 1133 949 Magno

113 973 231 1026 enimin
253 971 378 1042 periculo
403 951 519 1024 uematoe
540 969 593 1020 iam
616 960 676 1020 eise
701 963 844 1044 Olynthios
872 989 931 1022 cum
954 989 986 1023 ex
1004 975 1133 1040 metionis

113 1067 167 1118 fine
188 1043 391 1132 cognoscimus,
413 1073 467 1114 turn
487 1079 520 1114 ex
539 1061 602 1112 loco
621 1061 740 1114 laudato.
787 1063 878 1126 Quid?
907 1067 981 1134 quod
1004 1066 1060 1118 hoe
1071 1069 1139 1136 ipso,

113 1160 180 1212 loco
204 1158 334 1213 rationem
353 1167 441 1209 orator
456 1156 551 1219 addit,
564 1173 612 1206 cur
628 1153 694 1206 haec
708 1155 833 1220 suadeat,
850 1157 994 1210 timendum
1007 1177 1082 1223 esse,
1100 1180 1133 1213 ue

113 1241 274 1318 Philippus,
290 1267 348 1306 cum
363 1249 561 1304 Atheniensium
573 1263 650 1302 uento
664 1240 744 1313 adsit,
761 1245 807 1318 qui
821 1251 948 1303 auxilium
961 1251 1133 1320 polliceatur,

117 1349 213 1410 segnes
231 1359 275 1396 eos
287 1354 314 1396 et
328 1341 481 1413 proditores
498 1342 568 1410 apud
580 1339 722 1410 Olynthios
733 1341 869 1410 appellans
883 1343 966 1396 hosce
988 1364 1021 1398 eo
1035 1347 1131 1410 trahat,
1199 1343 1209 1360 '

92 1429 95 1438 ¹
111 1437 167 1506 quo
183 1435 266 1500 velit,
283 1419 316 1490 ut
329 1455 358 1488 se
372 1437 397 1488 ei
408 1435 634 1506 qualibuscunque
647 1434 746 1490 dedant
758 1422 975 1489 conditionibus.¹
1002 1441 1084 1502 Quam
1096 1441 1131 1492 ob

104 1549 158 1584 rem
172 1531 358 1583 necessarium
372 1539 445 1592 erat,
462 1540 492 1580 ut
503 1528 584 1596 legati
599 1545 676 1597 quam
694 1529 830 1580 celerrime
852 1531 1005 1585 nuntiarent
1028 1533 1132 1584 exerci-
1185 1571 1186 1580 ,

105 1634 160 1678 tum
175 1643 235 1678 esse
259 1635 406 1698 venturum.
443 1623 497 1674 lum
514 1639 573 1674 cum
592 1623 741 1686 videamus,
758 1641 805 1675 cur
820 1623 847 1674 iu
866 1625 1131 1678 tertiaoratioue'de

71 1759 77 1764 .
104 1719 251 1787 legatione.
261 1719 390 1770 mittenda
406 1710 554 1783 monuerit,
572 1717 600 1768 in
615 1705 726 1786 reliquis
745 1727 831 1772 autem
846 1718 1068 1790 praetermiserit,
1085 1738 1131 1774 ra-

105 1814 223 1872 futatam
239 1813 415 1870 existimamus
430 1809 677 1871 haucLuccbesinii
690 1811 828 1867 rationem.

185 1981 187 1986 ¹
216 1999 296 2062 Quod
313 2007 399 2050 autem
410 1989 481 2048 idern
495 1995 629 2063 subiungit
639 2007 829 2063 argumentum,
847 1999 1034 2066 exponendum
1047 1999 1130 2054 luisse
1168 2005 1170 2012 '
1212 2045 1217 2056 .

106 2092 214 2146 oratori
229 2091 426 2169 noningentis,
443 2089 491 2142 sed
506 2090 533 2140 in
545 2090 631 2159 prima
647 2090 680 2141 de
695 2089 815 2158 Philippi
829 2091 948 2146 sordidis
968 2094 1087 2148 moribus
1101 2105 1131 2148 et

105 2187 140 2238 dc
152 2172 212 2238 e'ius
224 2184 350 2256 perfidia,
359 2183 397 2235 =id
409 2184 546 2252 quomodo
561 2193 635 2236 tanto
651 2183 709 2237 viro
723 2185 847 2236 excidere
859 2187 978 2256 potuerit
985 2225 993 2252 ,
1018 2203 1073 2242 uon
1085 2190 1130 2240 in-

104 2279 229 2346 telligo.¹
247 2281 329 2330 'Nam
350 2277 424 2345 quod
446 2276 637 2328 Lucchesinius
656 2277 781 2344 postulat
807 2287 837 2330 ut
854 2278 884 2332 in
900 2279 984 2351 prima
1008 2283 1070 2346 fiat,
1099 2283 1128 2336 id

102 2373 194 2426 multo
207 2371 287 2440 magis
300 2370 413 2424 babetur
428 2371 457 2422 in
475 2386 521 2432 ea,
540 2387 606 2438 qnae
627 2371 711 2443 prima
729 2381 769 2422 est
786 2371 936 2440 Dionysio,
953 2389 1030 2442 quam
1043 2379 1072 2428 in
1088 2393 1129 2442 ee,
1165 2408 1167 2412 -

31 2534 33 2540 ,
94 2471 173 2536 'quae
186 2465 242 2516 illi.
278 2463 435 2530 Perstringit
448 2463 555 2530 quidem
570 2463 598 2514 in
612 2460 733 2516 cratio'ne
743 2465 789 2520 ill.
808 2465 893 2534 (vulg.
909 2466 942 2533 Ι.)
960 2487 987 2536 p.
1003 2467 1044 2523 lt).
1062 2469 1129 2522 Phi-

95 2559 169 2628 lippi
184 2557 342 2627 perfidiam,
360 2557 409 2608 sad
428 2543 506 2624 plane
522 2557 574 2620 ita,
592 2567 622 2610 nt
642 2557 665 2608 si
685 2553 796 2609 fortuito
815 2549 915 2610 tautum
938 2559 966 2614 iu
982 2561 1036 2628 hoc
1048 2581 1127 2630 argu-

93 2663 220 2717 mentum
232 2653 345 2705 feratur.
379 2650 483 2701 Etenim
495 2661 595 2702 metum
608 2649 767 2702 excitaverat
781 2652 893 2714 civibus,
907 2669 941 2706 ne
955 2655 1026 2708 forte
1041 2657 1132 2726 Olyn-

93 2747 150 2798 thii
168 2763 185 2796 a
206 2745 337 2816 Philippo
355 2717 601 2806 commoverentur,
629 2753 659 2796 ut
687 2743 841 2816 ingratiam
861 2761 920 2797 cum
941 2765 974 2799 eo
993 2749 1126 2810 redirent;
1162 2758 1164 2764 ’

84 2855 179 2916 quam
194 2837 355 2908 opinionem
374 2855 427 2907 quo
444 2837 521 2888 lastis
541 2845 678 2888 coerceret
695 2835 805 2903 finibus,
829 2817 918 2892 statim
937 2840 1049 2893 subiecit
1071 2852 1126 2894 tam

89 2945 189 2987 notam
203 2949 268 2984 esse
281 2931 400 3002 Philippi
413 2929 565 3002 perfidiam,
583 2939 613 2983 ut
623 2930 723 2998 pacisci
736 2947 795 2985 cam
811 2949 842 2984 eo
858 2933 901 2984 rix
914 2929 1052 3002 quisquam
1063 2936 1125 2986 cel·
1141 2924 1145 2931 ’
1179 2984 1183 2990 ,
1243 2907 1247 2918 1
1265 2978 1274 3004 n

87 3028 139 3080 let.
177 3026 266 3081 Nunc
288 3041 350 3079 vero
369 3024 521 3078 conferatur
539 3022 603 3086 ille,
621 3041 699 3096 quem
721 3025 759 3080 ibi
779 3026 917 3096 prodidit,
934 3026 1124 3096 indignationis
1184 3085 1187 3098 ³

87 3124 190 3174 modus
204 3137 271 3175 cum
289 3135 335 3182 ea,
354 3135 405 3186 qua
416 3117 444 3170 in
458 3104 542 3184 prima
556 3115 611 3186 (D.)
625 3109 805 3187 percellimur,
823 3118 921 3172 irarum
935 3115 1122 3186 magnitudine.

87 3219 217 3280 Quantus
231 3215 263 3272 in
279 3212 330 3266 hac
350 3221 391 3263 est
410 3211 491 3280 pleno
513 3227 544 3262 ex
562 3201 645 3263 corde
659 3193 850 3280 illeimpetus!
869 3213 896 3264 iu
908 3212 1027 3285 Philippi
1038 3215 1124 3266 mori-

83 3309 136 3360 bus
157 3306 299 3361 notandis
322 3313 447 3378 quantum
467 3303 575 3358 odium!
599 3334 632 3344 —
668 3309 705 3358 Ut
724 3305 815 3372 paucis
838 3303 990 3359 absolvam:
1015 3307 1069 3370 ibi,
1092 3315 1124 3360 ut

81 3403 157 3454 alios
171 3404 270 3454 iratos
289 3399 345 3472 regi
365 3397 507 3462 ostendat,
524 3398 586 3462 hic,
602 3409 635 3450 ut
646 3414 710 3452 euos
731 3399 889 3462 exacerbet,
905 3400 935 3454 in
948 3417 1007 3454 eum
1018 3400 1123 3455 invehi·-

78 3508 137 3548 tur.
176 3499 278 3566 Atque
287 3493 354 3546 baec
367 3509 408 3546 rea
422 3491 528 3546 omuino
540 3503 582 3552 est
593 3492 734 3556 eiusmodi,
752 3502 781 3545 at
794 3493 1006 3557 Lucchasiuium,
1023 3496 1122 3564 quippe
1169 3561 1172 3569 ¹

80 3590 129 3660 qui
144 3608 207 3642 non
218 3566 263 3646 aad
277 3589 353 3644 locos
368 3585 486 3652 singulos
503 3595 640 3653 prouocat,
656 3579 686 3662 {a
696 3594 785 3638 mente
799 3585 876 3654 iocos
889 3586 954 3639 illos
968 3587 1122 3640 confudisse
1163 3623 1172 3638 ,

77 3681 236 3752 ipsumque
267 3681 426 3736 adversariis
453 3680 563 3733 inritum
586 3696 657 3738 arma
674 3679 817 3735 tradidisse
840 3680 967 3748 suspicer.
987 3681 1122 3748 ⁸litemque

77 3779 377 3846 eiusfargusnentum,
396 3773 424 3828 ai
440 3785 504 3828 uera
522 3783 584 3826 eunt
599 3790 666 3840 quae
682 3773 718 3826 de
740 3789 774 3828 cu
792 3773 924 3838 diximus,
943 3773 1122 3845 Dionysianae

45 3921 51 3927 .
75 3873 161 3940 plane
182 3861 297 3930 senoni
314 3867 497 3950 defendendae
515 3866 634 3926 insumit
711 3908 714 3915 -
923 3910 926 3942 ,
1123 3859 1132 3876 χ

190 4095 211 4121 ,,
222 4059 258 4106 lu
272 4015 387 4104 secunda
399 4069 480 4115 vero,
498 4051 797 4120 pergitLuccbcsiuius,
816 4041 880 4120 quid
896 4050 947 4102 sibi
967 4050 1025 4106 vult
1039 4068 1120 4120 exer·
1187 4081 1193 4092 ι

73 4149 155 4202 dium
176 4150 261 4206 illud
280 4146 433 4197 calliditatis
451 4137 529 4212 a‘tque
547 4145 610 4196 artis
625 4147 746 4214 plenum,
775 4163 828 4214 quo
845 4155 956 4198 conatur
979 4145 1120 4204 ostendere

72 4247 188 4312 plures‘
199 4241 297 4298 adhuc
314 4240 415 4296 virium·
426 4249 598 4310 uerrueease
616 4241 704 4322 Reipg,
721 4238 774 4300 nisi
790 4249 937 4301 commotos
955 4240 1043 4308 priore
1061 4255 1121 4300 aer·
1208 4253 1213 4268 ’
