2940 5140
338 379 381 422 ΧΠ

405 519 485 590 Cuius
503 521 558 598 lqci
577 520 732 573 sententiam
748 519 877 570 Beckerus
895 518 914 569 l.
929 513 994 592 tp.
1009 515 1069 572 11⁹.
1088 519 1158 573 hune
1176 523 1232 575 sere
1251 523 1278 578 iu
1294 541 1355 578 mo-

338 619 400 670 dum
417 614 576 669 illustravit:
614 615 700 666 disere
717 613 745 663 in
763 611 847 680 prima
862 607 919 678 (ΙΙΙ.
932 611 983 677 tt.)
1001 613 1207 666 Demosthenem
1229 619 1263 668 de
1287 621 1354 672 deo-

337 727 396 764 rum
418 709 606 762 benevolentia
627 705 696 759 bens
719 700 877 772 sperandum
902 698 977 768 esse,
1000 706 1023 756 si
1046 719 1105 758 cum
1130 709 1262 780 Olynthiis
1286 729 1356 764 anna

278 831 280 836 ·
337 805 489 871 iunguntur,
506 803 534 854 in
551 801 664 853 secunda
680 811 743 850 reto
770 799 808 865 (l.
827 795 892 863 D.),
910 795 1033 866 qnoniam
1056 801 1182 854 currilium
1199 805 1355 856 mittendum

337 895 454 966 populas
472 895 593 958 sciverit,
611 894 740 966 affirmare
758 885 870 942 eundem
894 889 1013 958 proxime
1036 885 1110 958 sorel
1135 881 1262 948 atillam
1286 897 1355 948 deo-

338 1007 396 1044 rum
414 979 623 1042 benevolentiam
642 983 821 1054 experiuntur.¹
862 967 970 1046 Qum
993 1005 1023 1038 re
1046 987 1144 1039 falsum
1167 985 1279 1056 primum
1300 989 1355 1040 hoc

339 1098 395 1148 est,
414 1082 487 1150 quod
504 1089 596 1134 orator
613 1077 640 1130 in
657 1075 741 1146 prima
760 1076 825 1145 (ills
844 1077 894 1144 D.)
913 1078 1066 1130 societatem
1083 1079 1223 1133 ineundam
1239 1083 1355 1144 suadent,

338 1179 430 1230 laudet
445 1176 473 1225 in
497 1163 675 1240 secundd-(l.
688 1167 745 1236 Β.)
767 1168 864 1237 populi
888 1172 921 1223 de
944 1173 1042 1224 auxilio
1063 1175 1194 1226 mittendo
1213 1175 1357 1226 decretum.

339 1243 453 1322 Fruitur·
469 1267 576 1336 quidem
601 1274 740 1331 utrumque
766 1278 884 1330 quaeres.
934 1265 1035 1316 Deinde
1058 1263 1235 1334 Dionysianae
1258 1267 1359 1335 primae

338 1360 476 1414 exordium
497 1359 533 1420 si,
549 1357 661 1424 legeris,
674 1357 789 1408 deorum
807 1357 1021 1422 benevolentiam¹
1042 1357 1069 1410 in
1094 1377 1125 1410 eo
1145 1361 1216 1410 cerni
1241 1363 1360 1412 affirma-

336 1467 393 1527 (am
409 1453 541 1514 invenies,
558 1451 634 1520 quod
652 1448 735 1501 futuri
752 1451 805 1500 sint
832 1451 878 1518 qui
896 1459 989 1504 contri
1006 1443 1164 1520 Philippum
1178 1448 1280 1504 bellum
1298 1455 1360 1506 for-

339 1551 403 1601 titer
421 1545 580 1614 suscipiant,
598 1541 754 1612 quibuscum
769 1543 877 1596 tandem
898 1547 1046 1598 coniunctis
1065 1545 1268 1598 Atheniensibus
1286 1548 1361 1598 iulu-

340 1644 392 1695 rias
410 1641 567 1690 inveteratas
579 1634 731 1688 ulciscendi
749 1626 864 1689 facultas
879 1639 942 1690 data
963 1623 1006 1690 sit.
1049 1629 1128 1701 Quod
1152 1639 1284 1708 ipsum'in
1301 1639 1363 1707 pri-

264 1715 267 1722 ’
333 1747 382 1788 -ma
399 1731 538 1814 esqlonge
555 1731 727 1808 aptissimum.
762 1731 792 1781 ln
815 1727 895 1784 tertia
918 1742 1004 1784 autem
1029 1733 1259 1800 (secundumn.)
1280 1745 1363 1800 quum

315 1837 431 1904 „orator
455 1841 518 1876 suos
544 1826 577 1876 ad
602 1822 732 1882 subeundi
755 1824 822 1875 belli
845 1833 1046 1894 sumptuumque
1072 1839 1179 1879 munera
1207 1822 1364 1878 adhortatur

340 1919 516 1990 praedicanda
532 1911 628 1968 iterum
645 1917 830 1969 benevolentia
844 1919 1042 1982 immortalium,
1060 1919 1207 1988 quaeipsis
1223 1919 1298 1970 illam
1314 1919 1363 1970 ul-

265 1991 268 1999 ¹
333 2015 422 2066 -tionis
445 2013 515 2065 vium
537 2021 683 2070 monstrare
706 2009 843 2076 videatur,
876 2012 942 2078 quid
967 2013 1019 2065 hoc
1032 2015 1173 2082 Dionysio
1197 2011 1365 2077 adversetur,

341 2109 443 2160 nescire
461 2119 502 2158 me
520 2105 615 2156 fateor.
651 2105 743 2172 Neque
764 2119 827 2172 ergo
845 2119 894 2158 nos
912 2106 1025 2175 amplius
1042 2093 1188 2161 morabitur
1204 2107 1343 2176 Ulpianus.

351 2268 394 2382 [31
443 2285 585 2342 Audiamus
605 2285 820 2353 Lucehesiuium,
845 2285 906 2359 qui,
921 2305 1005 2359 quam
1026 2287 1170 2362 Dionysius
1184 2289 1274 2346 tertio
1297 2289 1362 2346 loco

248 2374 251 2382 ¹
343 2385 480 2457 posuerit,
498 2401 554 2436 eam
571 2383 709 2451 primam
698 2397 757 2434 esse
776 2381 873 2434 debere
895 2381 1042 2449 affirmans,
1067 2387 1118 2449 „ih
1141 2388 1191 2440 ista
1214 2383 1298 2450 eniri,
1316 2389 1365 2441 in-

343 2481 418 2550 quit,
435 2473 627 2536 Demosthenes
645 2493 699 2528 non
717 2475 844 2527 solum
822 2493 891 2536 caves
908 2477 1050 2530 inflammat
1067 2480 1101 2531 ad
1119 2481 1257 2534 ferendum
1276 2482 1365 2551 Olyu
1392 2511 1394 2522 ·

342 2571 407 2626 thiis
426 2571 566 2632 auxilium,
584 2569 632 2620 sed
649 2579 755 2632 monet,
773 2577 803 2621 ut
814 2567 881 2622 illuc
894 2571 996 2638 legatos
1013 2569 1136 2636 mittant,
1152 2574 1201 2642 ‘qui
1217 2572 1295 2628 buius
1314 2595 1366 2643 spe

343 2667 502 2721 confirment
517 2654 618 2714 animod
634 2673 706 2714 metu
722 2661 833 2721 fraaton
876 2667 956 2728 Quod
980 2665 1121 2720 consiliunt
1146 2669 1168 2719 si
1187 2679 1278 2721 orator
1294 2687 1366 2737 pro-

343 2759 420 2811 vidus
438 2773 469 2810 ac
486 2755 686 2808 sollertissimus
703 2755 730 2806 in
747 2759 852 2810 tertiam
868 2761 1026 2816 concionem
1039 2761 1202 2825 distulisset,
1219 2761 1276 2814 eius
1294 2781 1366 2830 pro-

343 2855 415 2905 fecto
433 2846 572 2920 prudentia
590 2848 794 2903 desideraretur,
828 2849 931 2902 Deinde
948 2853 975 2902 iu
991 2853 1039 2904 hac
1052 2854 1111 2921 ipsa
1123 2830 1242 2904 oreliano
1255 2853 1368 2923 Philip-

253 2951 259 2966 ‘
344 2947 373 3016 pi
389 2943 514 2998 sordidos
545 2957 633 2993 merce
663 2941 803 3011 illatasque
824 2949 867 2994 tot
883 2945 1016 3014 tantisque
1033 2946 1153 3012 gentibus·
1173 2941 1280 2995 iniurias
1302 2948 1367 2997 sin-

333 3038 458 3108 ·gillatim
469 3045 599 3088 recenset.
641 3039 675 3086 At
692 3051 770 3104 quam
782 3035 869 3104 longe
887 3035 1001 3090 alienum
1017 3049 1088 3089 esset
1105 3055 1120 3088 a
1138 3033 1277 3088 clarissimi
1296 3055 1366 3091 ora-

344 3133 410 3185 toris
432 3131 589 3198 sagacitate,
611 3129 633 3182 si
650 3129 717 3185 haec
735 3125 823 3182 didere
843 3131 871 3182 iu
890 3132 972 3198 prima
990 3130 1117 3183 concione
1131 3128 1367 3200 praetermisisset,

345 3241 412 3294 quae
424 3223 539 3276 omnium
549 3225 660 3277 maxime
670 3225 704 3276 ad
716 3235 820 3275 causam
831 3223 932 3275 faciunt
939 3222 952 3274 l
959 3220 978 3253 ‘⁴

441 3405 554 3468 Miratur
570 3423 633 3476 ergo
651 3403 840 3460 ancbesinius
856 3403 885 3459 in
901 3403 981 3460 tertia
1003 3403 1108 3462 demum
1124 3407 1159 3462 ad
1175 3405 1278 3477 legatos
1295 3411 1366 3461 mit-

252 3557 256 3567 Ι
334 3503 439 3559 *tendor
454 3504 524 3554 cives
544 3502 688 3556 admoneri.
723 3503 789 3554 Nam
804 3500 827 3553 si
845 3501 924 3564 tertia
942 3501 1006 3554 haec
1024 3513 1108 3567 esset,
1126 3503 1252 3556 auxilium
1268 3503 1366 3553 leren-

346 3597 408 3649 dum
426 3596 551 3648 suasisset
568 3605 674 3658 orator,
698 3595 760 3665 quia
778 3595 886 3648 foedos·
891 3613 940 3664 per
957 3595 1056 3663 legatos
1073 3596 1145 3647 haud
1163 3596 1242 3647 dubie
1260 3595 1368 3648 iactum
1397 3613 1401 3622 ·

325 3693 328 3706 '
348 3699 413 3754 erat,
431 3697 461 3741 ut
479 3687 575 3764 colligi
589 3697 681 3756 potest
697 3705 730 3740 ex
746 3689 810 3742 loco
827 3705 853 3758 p.
868 3688 915 3743 w.
926 3679 1077 3759 (orationis
1095 3685 1177 3758 vulgo
1192 3685 1297 3758 tertiae,
1314 3707 1368 3740 se·-

305 3805 308 3808 ·
345 3779 447 3836 eundae
462 3781 513 3850 D.)
532 3801 573 3850 pr.
593 3776 670 3844 ὅπως
684 3775 751 3845 τούς
769 3777 930 3851 συμμάχους
948 3779 1079 3851 σώσομεν.
1115 3781 1167 3834 Gar
1185 3799 1246 3850 ergo
1264 3783 1369 3836 iterum

294 3937 300 3952 ,
343 3873 444 3942 legati?
462 3901 495 3916 -
529 3855 626 3926 Verum
644 3873 708 3943 quid
731 3892 798 3945 opus
823 3873 957 3944 prioribus
981 3877 1016 3933 in¹
1037 3873 1201 3930 orationibus
1219 3876 1367 3941 legationis

243 3965 277 4050 J.
340 3969 484 4022 mittendae
500 3969 559 4022 fieri
575 3969 758 4030 mentionem?
789 3967 885 4022 Nonne
903 3979 998 4037 sponte
1019 3971 1168 4038 apparebat,
1183 3981 1297 4038 quocum
1312 3986 1369 4020 so-

341 4060 489 4114 rietatem
480 4064 548 4114 mire
563 4063 673 4144 vellent,
691 4081 715 4115 er
707 4064 784 4116 boc
800 4063 972 4116 nuntiandum
990 4064 1089 4115 esse?
1086 4060 1204 4126 Quodsi
1231 4059 1264 4111 ad
1283 4062 1369 4112 auxi-

341 4152 461 4208 liaudu'm
473 4171 537 4210 auos
550 4168 737 4225 commoverat,
750 4167 844 4236 sponte
853 4173 900 4210 eos
913 4156 1013 4210 sciebat
1026 4157 1127 4224 legatos
1141 4156 1268 4237 missuros
1283 4171 1361 4208 esse.
