2978 5162
217 1765 219 1770 Ι
290 1699 297 1706 .
394 1575 955 1777 tauromenum

199 1857 333 1928 ,ΚΑΤΑ
367 1857 567 1959 erOBOY
593 1855 1080 1952 ΕῙΠΤΡΟΠΗΣΛΟΓΟΣ
1100 1859 1138 1928 Α.

503 2183 845 2239 PROOEMIUM.

104 2339 108 2350 .
242 2303 303 2354 Iure
322 2301 364 2354 cui
380 2301 528 2356 mandatum
545 2313 586 2356 est
603 2303 730 2372 quasdam
746 2313 778 2354 et
794 2302 971 2356 Demosthene
984 2297 1107 2368 deligere
1118 2317 1182 2354 ora·

176 2370 263 2436 tiones
280 2371 377 2454 deliget
393 2391 446 2436 eas,
466 2391 529 2439 quas
545 2372 642 2441 primas
659 2372 874 2424 adolescentulus
891 2371 981 2438 viginti
998 2367 1115 2423 nondum
1133 2388 1190 2426 ιιισ,

175 2458 225 2492 nos
243 2449 316 2492 uatus
334 2457 362 2491 ιιι
380 2457 426 2492 sua
447 2442 530 2508 ipsius
553 2457 581 2492 re
603 2437 711 2500 habuit,
733 2458 800 2509 quae
821 2449 883 2506 sunt
899 2455 1035 2507 exgenere
1053 2437 1182 2492 iudiciali.

176 2509 301 2576 Spectant
318 2525 363 2560 eae
379 2519 498 2571 tutores,
516 2527 531 2560 a
546 2519 620 2576 patre
640 2509 804 2572 nominatos,
829 2517 857 2560 ut
873 2523 928 2560 rem
944 2503 1099 2559 familiarem
1116 2505 1184 2558 reli-

175 2579 251 2643 giose
268 2586 403 2639 curarent,
414 2579 503 2628 'totam
520 2575 645 2628 familiam
662 2575 773 2626 honeste
788 2585 973 2640 sustentarent,
989 2576 1038 2626 filii
1055 2571 1183 2642 imprimis

155 2641 157 2649 ¹
175 2649 301 2712 ingenuae
320 2641 469 2696 educationi
488 2644 581 2694 sedulo
600 2641 705 2710 operam
728 2644 835 2706 darent,
859 2641 954 2695 ettam
971 2643 1117 2710 liberaliter
1133 2643 1185 2695 hau

177 2715 263 2776 bitus,
281 2724 325 2774 ut,
344 2714 367 2763 si
383 2713 426 2762 vel
444 2712 529 2778 segnis
547 2720 616 2762 esset
638 2711 765 2762 memoria
784 2710 912 2780 amicitiae
933 2728 992 2778 erge
1009 2722 1139 2764 mortuum
1156 2715 1185 2762 et

198 2791 242 2832 ost
256 2791 369 2831 mortem
386 2789 552 2845 acceptorum
574 2777 778 2840 beneficiorum,
802 2793 864 2842 uon,
878 2787 987 2847 p'ossent
1011 2795 1066 2840 uon
1091 2779 1182 2846 cilicio

176 2799 296 2901 institor
312 2845 473 2898 satisfacere.
509 2847 575 2896 Sunt
598 2845 730 2897 orationes
754 2843 882 2913 quinque,
905 2846 1015 2912 quas-in
1032 2861 1060 2896 re
1076 2839 1185 2911 tutelari
1254 2847 1261 2862 “

176 2919 271 2971 habuit
291 2913 471 2978 adolescens,
484 2923 537 2966 tres
555 2914 588 2966 sd
605 2927 684 2964 unum
701 2911 807 2982 quidem
826 2921 945 2965 tutorum
966 2923 1114 2980 spectantes
1132 2932 1185 2965 no·-

177 2987 264 3048 miue,
283 2985 350 3036 duae
366 2993 453 3034 tamen
469 2984 570 3050 priores
597 2999 686 3035 omnes
710 2993 810 3034 tutores
835 2983 1006 3050 corripientes
1033 2991 1060 3032 et
1083 2981 1186 3034 conde-

178 3064 307 3106 meantes.
342 3054 441 3114 Quarta
458 3063 485 3102 et
501 3051 591 3120 quinta
606 3059 715 3117 tangunt
731 3054 860 3113 Onetora,
879 3051 952 3102 cuius
966 3066 1044 3102 soror
1060 3055 1186 3119 nupserat

113 3147 123 3166 ο
178 3124 309 3190 Aphobo:
329 3134 379 3190 qua
398 3121 430 3190 de
446 3133 538 3170 caussa
551 3115 652 3170 cladem
666 3137 713 3186 per
730 3111 771 3171 las
785 3131 812 3172 et
824 3119 897 3170 nefas
918 3119 1072 3187 propulsare
1090 3115 1186 3170 stude*

178 3191 233 3243 bat
259 3189 352 3253 ‚Multa
369 3189 446 3240 nobis
469 3189 577 3250 deesse,
595 3188 705 3254 ,quibus
725 3205 790 3258 opus
820 3187 853 3238 ad
874 3185 977 3254 penitus
1003 3185 1186 3252 cognoscenda

182 3269 209 3308 et
223 3259 362 3309 iudicanda
378 3273 444 3340 quae
461 3257 593 3326 pertinent
609 3255 655 3309 ads
665 3271 720 3307 rem
736 3251 932 3306 Atheniensium
947 3256 1100 3316 tutelarem,
1124 3265 1187 3306 nto·-

180 3327 228 3378 uui
244 3322 315 3403 mgis
329 3320 421 3393 Ὀνητ.
437 3328 468 3378 t.
489 3326 513 3392 ᾗ.
525 3324 550 3377 θ.
584 3325 640 3382 Hae
658 3325 736 3391 igitur
755 3325 887 3376 orationes
911 3333 971 3374 sunt
989 3320 1133 3392 praecipua
1147 3319 1188 3370 rei

182 3394 304 3444 tutelaris
321 3393 515 3458 cognoscendae
532 3405 712 3450 monumentas
737 3393 798 3442 hinc
816 3408 870 3444 non
885 3393 994 3443 minoris
1013 3389 1139 3442 momenti
1151 3389 1186 3440 ad

186 3460 366 3536 exponendum
380 3475 480 3526 gravem
488 3461 653 3529 antiquitatis
664 3472 689 3512 et
700 3459 764 3512 iuris
777 3461 880 3522 locum,
894 3479 972 3529 quam
988 3460 1021 3510 ad
1034 3457 1186 3524 intelliges-⁴
1263 3497 1267 3508 ι

186 3526 433 3587 dum-adolescentis
445 3529 574 3594 ingenium
586 3531 621 3580 ad
641 3529 817 3598 eloquentiam
833 3541 929 3579 natum.
954 3529 1022 3579 Vere
1034 3528 1137 3578 monuit
1151 3526 1186 3586 is,
1220 3523 1233 3586 ¹,
1301 3554 1305 3562 ·

183 3599 230 3666 qui
247 3595 488 3648 Demosthenemin
500 3597 590 3664 primis
603 3599 693 3660 novit,
710 3591 845 3662 Reislsius,
861 3597 889 3646 iu
910 3594 952 3647 his
972 3611 999 3646 se
1022 3594 1185 3646 orationibus

162 3715 167 3719 .
184 3667 294 3718 eantlem
308 3666 361 3716 rim
380 3665 535 3732 easdemque
550 3667 659 3718 virtutes
675 3675 830 3734 agnoscere,
849 3681 912 3732 ques
927 3662 954 3714 in
968 3663 1015 3725 iis,
1034 3679 1099 3730 quae
1114 3663 1186 3712 eius-

107 3760 113 3768 ·
185 3736 244 3786 dem
262 3734 388 3785 similisve
413 3733 514 3800 generis
536 3735 686 3787 exsertare
709 3743 828 3800 tempore
850 3747 880 3783 su
900 3741 1005 3792 ersunt,
1022 3727 1186 3780 inversione
1214 3755 1216 3758 ·

184 3803 350 3865 Germanica,
368 3817 434 3870 quae
455 3816 601 3872 quanquam
620 3803 731 3854 facilem
743 3803 824 3853 risum
845 3749 939 3852 ofliirat
957 3797 1107 3849 horninibus
1129 3795 1187 3845 ele-

183 3872 306 3938 gamalis,
324 3888 371 3922 eos
387 3881 482 3931 tamen,
500 3889 567 3938 quos
580 3872 688 3924 horrida
705 3871 808 3936 linguae
822 3870 908 3921 forma
924 3884 977 3918 non
995 3865 1118 3923 deterret,
1136 3863 1187 3912 du*

66 3977 73 3995 s
103 3987 105 3990 .
183 3941 272 3991 bitarc
287 3956 341 3990 non
359 3939 430 4000 sinit,
449 3939 511 4006 quin
528 3939 648 3999 lleiskius
661 3940 817 4005 scriptorem
831 3953 906 3988 sunm
919 3933 1013 3983 melius
1025 3928 1190 3981 intellexerit

169 4009 293 4069 multis,
314 4007 359 4075 qui
379 4007 554 4074 intelligentia
571 4025 618 4058 sua
635 4007 802 4074 superbiunt,
827 4022 876 4056 nec
895 4020 940 4054 eos
962 3999 1126 4067 poenitebit,
1143 3995 1189 4050 ubi

92 4133 96 4136 .
129 4124 131 4132 ,
183 4075 326 4162 ipsidubii
341 4071 467 4142 haerent,
483 4075 533 4150 viri
553 4075 645 4144 optimi
667 4075 814 4126 versionem
832 4068 1006 4125 consuluisse,
1078 4139 1079 4146 ἵ

458 4245 469 4258 ,
544 4188 626 4248 nest
646 4189 765 4268 Ἀφόβου
790 4196 821 4259 A,

283 4281 374 4344 Hanc,
392 4297 457 4348 quae
475 4272 632 4332 nouaclum
650 4279 735 4346 prima
753 4274 927 4356 esttempore
949 4257 979 4328 et
1002 4277 1065 4329 loco
1083 4255 1130 4324 aeti
1147 4283 1190 4324 ar-
1224 4313 1229 4322 ,
1255 4280 1278 4334 ,“

182 4351 308 4416 pumentia
327 4361 404 4416 atque
423 4347 575 4418 sententiis,
594 4347 788 4400 enucleabimne
813 4345 958 4412 copiosius.
977 4379 982 4387 -
1184 4351 1186 4357 ⁴
