2940 5140
25 1333 35 1360 t

1008 459 1149 524 xxv

126 605 225 656 tionem
241 603 320 656 alium
338 595 569 676 sequi’pot'uisse,
591 583 664 654 uirde
681 587 782 656 auxilie
804 585 914 658 serenda
937 606 1008 658 circs
1032 606 1147 660 docere·

131 715 186 748 mur
201 715 343 749 recusasse.
360 725 394 772 -7
428 699 463 747 At
481 697 504 747 si
521 705 584 763 post
601 694 675 748 illam
694 696 841 748 orationem
859 698 926 748 nihil
943 699 1022 750 laude
1040 700 1147 767 dignum

128 799 225 862 gestum
251 801 324 854 erat,
345 804 434 842 nonne
459 789 546 840 denuo
571 785 646 839 nolle
672 789 742 840 cives
761 799 866 842 strenue
884 807 940 842 rem
961 809 1052 858 gerere
1071 811 1146 846 com-

119 869 297 936 memorando
324 901 370 946 ea,
395 899 461 950 quae
485 882 558 933 lente
583 898 646 932 sane
668 897 698 932 ac
721 883 845 948 segniter
859 895 933 950 gesta
954 885 1063 950 fuerint,
1083 903 1146 938 ora-

124 985 170 1026 tor
187 959 333 1043 significare
345 963 470 1043 poteret,
487 983 532 1025 aut
547 975 611 1026 vero
631 955 763 1026 debebsl?
804 977 891 1038 Quare
909 994 968 1028 cum
985 991 1039 1032 noa
1056 991 1163 1032 muta-.

127 1079 201 1120 retur
225 1068 425 1119 Atheniensium
447 1067 586 1133 segnities,
607 1067 782 1119 necessarium
806 1079 875 1132 erat,
900 1080 929 1120 ut
950 1067 1162 1125 Demosthenes

125 1161 226 1236 iterum
251 1160 286 1210 ud
307 1161 402 1226 bellum
431 1179 477 1212 eos
498 1159 657 1230 impelleret.
700 1161 779 1223 Quod
803 1179 856 1228 quo
880 1163 993 1214 consilio
1016 1165 1143 1252 quibusve

128 1247 227 1321 o'pibus
243 1249 380 1320 gerendum
398 1264 484 1316 esset,
507 1253 535 1303 in
557 1251 637 1307 tertia
651 1251 760 1321 (tulgo
785 1255 805 1303 l.
809 1253 825 1320 l
850 1253 942 1306 docuit
966 1275 1000 1307 eo
1017 1241 1141 1320 uberius,

128 1363 183 1413 quo
195 1341 341 1398 accuratius
360 1347 394 1398 ιιι
403 1343 507 1412 singula
517 1361 638 1413 quaeque
647 1344 713 1396 belli
726 1349 882 1413 exponenda
897 1349 1010 1400 consilia
1028 1349 1141 1402 descen-

130 1439 177 1489 dit.
211 1439 300 1509 Neque
318 1457 380 1516 ergo
398 1439 451 1492 hoo
469 1439 613 1513 quidquam
630 1449 783 1534 argumento
803 1439 923 1528 effecisse
945 1441 1056 1496 videtur
1068 1444 1141 1495 Luc·

130 1531 266 1594 chesinius.

224 1722 352 1774 luvuthic
369 1699 606 1774 etiumWeishii
624 1721 703 1808 verbs
720 1719 764 1791 (de
777 1723 925 1791 hyperbole
942 1725 971 1777 P.
979 1725 1025 1775 111.
1038 1723 1138 1791 pet),
1176 1679 1180 1692 ὅ
1198 1759 1206 1774 .

107 1813 218 1882 'quibus
244 1825 333 1890 nostra
357 1815 509 1900 firmantur,
534 1825 684 1884 repetere„
709 1817 793 1880 „Non
811 1817 880 1866 vidit
898 1815 1050 1884 (buoches.)
1065 1829 1137 1869 nra-

120 1909 194 1958 tione
213 1927 260 1972 ea,
278 1927 342 1978 quae
360 1928 375 1960 a
392 1889 520 1978 llionysio
539 1911 624 1962 fertur
641 1922 732 1979 estque
750 1911 843 1978 prima,
863 1911 996 1961 oratorem
1012 1910 1159 2000 prudenti.
1234 1957 1239 1965 ,

117 2001 244 2070 gravique
263 2003 464 2070 amplificatione
483 2013 510 2054 et
527 2004 665 2110 pristinam
679 2003 708 2054 in
725 2003 781 2054 illis
793 2001 861 2054 locis
879 2005 1039 2070 potestatem
1051 2004 1136 2054 Athe-

113 2093 248 2146 nienslum
273 2107 299 2147 et
326 2107 491 2164 praesentem
509 2068 720 2164 Olynthiorum'
712 2115 740 2148 ιιι
758 2115 804 2147 eos
818 2096 1028 2148 benevolentiam
1048 2099 1133 2164 illem.
1166 2095 1169 2102 ’

109 2185 160 2252 JS,
173 2187 252 2240 14-
259 2168 352 2255 lul·
343 2191 479 2258 ipsiusque
503 2191 597 2258 populi
614 2189 709 2241 sithen.
735 2189 829 2260 erigere
846 2191 949 2254 studia,
968 2190 1043 2258 quasi
1060 2191 1133 2242 ultro

118 2283 267 2350 expetentis
284 2283 337 2334 id
327 2299 426 2351 ipsum,
458 2281 536 2350 quod
549 2283 642 2334 suadet
665 2293 768 2343 oraton
794 2283 874 2335 tertia
898 2294 984 2337 autem
1004 2282 1135 2347 oratione,

118 2374 180 2426 duim
198 2377 269 2428 mitti
285 2379 390 2428 tandem
415 2377 512 2449 auxilia
539 2377 628 2440 iubet,
651 2377 693 2428 his
718 2395 795 2440 eum,
820 2395 894 2430 more
918 2377 983 2441 itenr
1006 2378 1135 2440 oratorio,
1164 2414 1169 2423 -

112 2470 262 2538 significare
287 2489 335 2539 pro
353 2469 435 2521 nullis
458 2469 580 2521 habenda
606 2487 664 2521 esse
688 2465 756 2537 quae
779 2469 864 2522 adhuc
881 2469 1000 2523 miserint
1008 2463 1061 2535 ,in
1078 2489 1132 2539 quo

110 2581 172 2619 sanc
190 2557 398 2664 hyperbolicum
415 2561 519 2633 aliquid
534 2563 618 2616 latere
635 2563 775 2616 videtur.“

208 2753 442 2815 luillatandem‚
461 2767 538 2820 quam
555 2751 775 2804 Iacobsinsl.
790 2753 810 2802 l.
821 2749 922 2864 ΞΜ.
935 2751 1129 2806 moriteloco
1159 2753 1163 2758 '

102 2849 163 2922 (ΠΙ.
182 2817 267 2899 ilion.
271 2847 328 2916 )p.
343 2845 386 2898 1⁰.
410 2839 482 2916 πρὸς
498 2840 580 2899 dl
545 2863 597 2908 τας
613 2829 839 2913 κατὰιλαγιις,“
820 2863 854 2908 ας
872 2839 907 2900 div
925 2841 1028 2908 ἐκεῖνος
1044 2841 1129 2913 norri-
1193 2902 1222 2926 ἱ,

102 2958 184 2996 curto
203 2935 329 3010 ἄσμενος
345 2934 418 3012 πρὸς
432 2933 550 2994 ’otoval
549 2958 607 3004 ους,
625 2937 720 2995 ἔναντι
719 2957 757 3001 ως
773 2936 842 3008 ἔχει,
863 2939 1003 2992 refutanda
1021 2921 1129 2990 dubita-

101 3035 177 3089 tione
201 3054 280 3088 nunc
305 3034 368 3085 non'
384 3043 426 3084 est
446 3034 523 3101 'quod
541 3033 639 3086 diutius
665 3035 870 3102 commoremur,
889 3033 1028 3101 quoniam,
1054 3033 1128 3100 quod

103 3120 168 3182 olim
187 3123 224 3182 ab.
242 3111 327 3180 huiris
351 3127 402 3180 viri
418 3125 637 3195 praestantissimi
653 3127 808 3180 auctoritate
827 3134 973 3178 commotus
991 3142 1046 3177 non
1064 3126 1128 3176 eatis

99 3206 179 3276 caute
197 3221 386 3284 credideram,
405 3220 548 3288 Olynthum
566 3219 707 3301 obsidione
723 3221 774 3270 iam
791 3218 874 3270 fuisse
893 3219 1015 3284 cinctam,
1032 3217 1062 3269 id
1078 3235 1127 3268 vs-

79 3334 158 3370 anum
184 3306 248 3370 esse
281 3315 446 3378 Bechero‚
470 3315 581 3366 melio'ra
615 3299 741 3376 docenti,
764 3312 975 3364 nune'libenter
997 3312 1126 3392 concedo.

92 3411 154 3464 Non
171 3420 278 3480 potest
295 3408 375 3475 igitar
391 3425 476 3476 neque
505 3408 539 3460 ad
557 3406 753 3458 defendendum
771 3423 857 3474 neque
874 3405 908 3458 ad
925 3406 1131 3475 impugnandum
1181 3449 1190 3464 ,

95 3505 222 3558 ordinem
240 3499 384 3572 vulgatum
405 3517 438 3552 ex
453 3499 506 3574 hoe
523 3501 585 3554 loeo
604 3498 745 3571 quidquam
763 3499 862 3567 colligi.

198 3693 266 3742 lam
282 3705 346 3739 vero
364 3703 445 3755 quum
463 3703 563 3751 omnes,
581 3687 629 3755 qui
645 3683 738 3738 sobna
753 3665 911 3753 Dibnysium
924 3683 1136 3758 contenderunt,-

90 3783 198 3836 frastra
218 3777 334 3852 quidem
350 3795 479 3856 pugnasse
498 3778 747 3846 deprehenderimus
766 3779 817 3846 (de
835 3780 929 3830 ceteris
940 3784 1042 3840 autem,
1061 3793 1125 3843 quas

91 3877 222 3929 noudum
242 3874 395 3946 attigimus,
412 3874 520 3925 Beckeri
538 3871 746 3926 dubitationibus
764 3889 813 3923 suo
841 3873 875 3922 de
892 3854 1045 3937 unaquaque
1061 3851 1127 3918 loco
1212 3901 1216 3906 .

91 3963 294 4033 videbimus),
329 3967 380 4018 crit
401 3967 524 4035 proiecto
556 3983 605 4016 cur
627 3966 706 4017 fidem
728 3959 858 4032 Dionybio
883 3965 1008 4033 maiorem
1025 3961 1126 4012 halica-

60 4091 64 4097 ·
90 4081 161 4116 mus.
203 4060 397 4129 Itaque‘hunc
419 4077 467 4137 per
488 4058 693 4130 disputationem
716 4059 843 4125 reliquam
859 4075 909 4124 pro
927 4055 995 4106 duce
1012 4053 1126 4104 hahebi-

89 4173 152 4207 mus
163 4166 210 4208 ‘et-
226 4171 264 4206 ex
283 4152 340 4204 eius
358 4153 432 4222 quasi
455 4151 683 4207 restaurationes
710 4150 918 4214 collocabimus,
942 4143 1127 4216 perlustraturi

91 4249 225 4318 singulas
245 4256 273 4298 et
287 4245 427 4298 collecturi
453 4263 521 4315 quae
537 4245 572 4298 ad
588 4243 863 4297 condescendendum
879 4244 906 4294 in
923 4243 956 4294 iis
975 4249 1128 4309 comparate
